%\begin{thebibliography}{9}

% 137

@misc{ImageNet,
  author =       {Alex Krizhevsky, Ilya Sutskever, og Geoffrey E. Hinton},
  title =        {ImageNet Classification with Deep Convolutional Neural Networks},
  howpublished = {University of Toronto},
  year =         {2012}
}

@misc{Debt,
  author =       {D. Sculley, Gary Holt, Daniel Golovin, Eugene Davydov, Todd Phillips, Dietmar Ebner, Vinay Chaudhary, Michael Young, Jean-Francois Crespo, og Dan Dennison},
  title =        {Hidden Technical Debt in Machine Learning Systems},
  howpublished = {Google Inc.},
  year =         {2015}
}

@misc{Canzianimfl2017,
  author =       {Alfredo Canziani, Eugenio Culurciello, og Adam Paszke},
  title =        {An Analysis of Deep Neural Network Models for Practical Applications},
  howpublished = {Weldon School of Biomedical Engineering Purdue University, Faculty of Mathematics, Informatics and Mechanics University of Warsaw},
  year =         {2017}
}

@misc{autofish,
  author =       {Shoaib Ahmed Siddiqui, Faisal Shafait, Ajmal Saeed Mian, og Mark R Shortis},
  title =        {Automatic fish species classification in underwater videos: Exploiting pretrained deep neural network models to compensate for limited labelled data},
  howpublished = {ICES Journal of Marine Science},
  year =         {2017}
}

@misc{batchnorm,
  author =       {Sergey Ioffe, og Christian Szegedy},
  title =        {Batch Normalization: Accelerating Deep Network Training by Reducing Internal Covariate Shift},
  howpublished = {Google Inc.},
  year =         {2015}
}

@misc{hubel,
  author =       {D. H. Hubel, og T. N. Wiesel},
  title =        {Receptive Fields of Single Neurones in the Cat's Striate Cortex},
  howpublished = {Wilmer Institute, The Johns Hopkins Hospital and University, Baltimore, Maryland, U.S.A.},
  year =         {1959}
}

@misc{coco,
  author =       {Tsung-Yi Lin, Michael Maire, Serge Belongie, Lubomir Bourdev, Ross Girshick, James Hays, Pietro Perona, Deva Ramanan, C. Lawrence Zitnick, og Piotr Dollár},
  title =        {Microsoft COCO: Common Objects in Context},
  howpublished = {Microsoft},
  year =         {2015}
}

@misc{underwater,
  author =       {Wenwei Xu, og Shari Matzner},
  title =        {Underwater Fish Detection using Deep Learning for Water Power Applications},
  howpublished = {Pacific Northwest National Laboratory},
  year =         {2018}
}

@misc{entropy,
  author =       {C. E. Shannon},
  title =        {A Mathematical Theory of Communication},
  howpublished = {Bell Labs},
  year =         {1948}
}

@misc{seaclef,
  author =       {Jonas Jäger, Erik Rodner, Joachim Denzler, Viviane Wolff1, og Klaus Fricke-Neuderth},
  title =        {SeaCLEF 2016: Object proposal classification for fish detection in underwater videos},
  howpublished = {Department of Electrical Engineering and Information Technology, Fulda University of Applied Sciences, Germany, Computer Vision Group, Friedrich Schiller University Jena, Germany},
  year =         {2016}
}

@misc{marinescience,
  author =       {Ahmad Salman, Shoaib Ahmad Siddiqui, Faisal Shafait, Ajmal Mian, Mark R. Shortis, Khawar Khurshid, Adrian Ulges, og Ulrich Schwanecke},
  title =        {Automatic fish detection in underwater videos by a deep neural network-based hybrid motion learning system},
  howpublished = {ICES Journal of Marine Science},
  year =         {2019}
}

@misc{deepfish,
  author =       {Suxia Cui, Yu Zhou, Yonghui Wang, og Lujun Zhai},
  title =        {Fish Detection Using Deep Learning},
  howpublished = {Applied Computational Intelligence and Soft Computing},
  year =         {2020}
}

@misc{Szegedymfl2014,
  author =       {Christian Szegedy, Wei Liu, Yangqing Jia, Pierre Sermanet, Scott Reed, Dragomir Anguelov, Dumitru Erhan, Vincent Vanhoucke, og Andrew Rabinovich},
  title =        {Going deeper with convolutions},
  howpublished = {Google Inc., University of Michigan, University of North Carolina, Chapel Hill, arXiv},
  year =         {2014}
}

@misc{docreg,
  author =       {Yann LeCun, Léon Bottou, Yoshua Bengio, og Patrick Haner},
  title =        {Gradient-Based Learning Applied to Document Recognition},
  howpublished = {IEEE},
  year =         {1998}
}

@misc{math,
  author =       {A guide to convolution arithmetic for deep learning},
  title =        {MILA, Université de Montréal, AIRLab, Politecnico di Milano},
  howpublished = {Microsoft Research},
  year =         {2018}
}

@misc{resnet,
  author =       {Kaiming He, Xiangyu Zhang, Shaoqing Ren, og Jian Sun},
  title =        {Deep Residual Learning for Image Recognition},
  howpublished = {Microsoft Research},
  year =         {2015}
}

@misc{vgg,
  author =       {Karen Simonyan, og Andrew Zisserman},
  title =        {Very Deep Convolutional Networks for Large-Scale Image Recognition},
  howpublished = {Visual Geometry Group, Department of Engineering Science, University of Oxford},
  year =         {2015}
}

@misc{andrej,
  author =       {Andrej Karpathy},
  title =        {Convolutional Neural Networks},
  howpublished = {https://www.youtube.com/watch?v=bNb2fEVKeEo},
  year =         {2014}
}

@misc{texton_forests,
  author =       {Jamie Shotton, Matthew Johnson, og Roberto Cipolla},
  title =        {Semantic Texton Forests for Image Categorization and Segmentation},
  howpublished = {Toshiba Corporate R\&D Center Kawasaki, Japan, Department of Engineering University of Cambridge, UK},
  year =         {2008}
}

@misc{distributed,
  author =       {Jeffrey Dean, Greg S. Corrado, Rajat Monga, Kai Chen, Matthieu Devin, Quoc V. Le, Mark Z. Mao, Marc’Aurelio Ranzato, Andrew Senior, Paul Tucker, Ke Yang, og Andrew Y. Ng},
  title =        {Large Scale Distributed Deep Networks},
  howpublished = {Google Inc., Mountain View, CA},
  year =         {2012}
}

@misc{primate,
  author =       {Najib J. Majaj, og James J. DiCarlo},
  title =        {Deep Neural Networks Rival the Representation of Primate IT Cortex for Core Visual Object Recognition},
  howpublished = {PLOS Computational Biology},
  year =         {2014}
}

@misc{captioning,
  author =       {Justin Johnson, Andrej Karpathy, og Li Fei-Fei},
  title =        {DenseCap: Fully Convolutional Localization Networks for Dense Captioning},
  howpublished = {Department of Computer Science, Stanford University},
  year =         {2015}
}

@misc{Girshick2015,
  author =       {Ross Girshick},
  title =        {Fast R-CNN},
  howpublished = {Microsoft Research},
  year =         {2015}
}

@misc{Renmfl2016,
  author =       {Shaoqing Ren, Kaiming He, Ross Girshick, og Jian Sun},
  title =        {Faster R-CNN: Towards Real-Time Object Detection with Region Proposal Networks},
  howpublished = {University of Science and Technology of China, Microsoft Research},
  year =         {2016}
}

@misc{semantic_segmentation,
  author =       {Ross Girshick, Jeff Donahue, Trevor Darrell, og Jitendra Malik},
  title =        {Rich feature hierarchies for accurate object detection and semantic segmentation},
  howpublished = {UC Berkeley},
  year =         {2014}
}

@misc{retinanet,
  author =       {Tsung-Yi Lin, Priya Goyal, Ross Girshick, Kaiming He, Piotr Dollár},
  title =        {Focal Loss for Dense Object Detection},
  howpublished = {Facebook AI Research},
  year =         {2018}
}

@misc{stochastic_depth,
  author =       {Gao Huang, Yu Sun, Zhuang Liu, Daniel Sedra, og Kilian Q. Weinberger},
  title =        {Deep Networks with Stochastic Depth},
  howpublished = {Cornell University, Tsinghua University},
  year =         {2016}
}

@misc{yang,
  author =       {Michael Ying Yang, og Wolfgang Förstner},
  title =        {A Hierarchical Conditional Random Field Model for Labeling and Classifying Images of Man-made Scenes},
  howpublished = {Department of Photogrammetry, Institute of Geodesy and Geoinformation, University of Bonn Nussallee 15, 53115 Bonn, Tyskland},
  year =         {2011}
}

@misc{Redmon2016,
  author =       {Joseph Redmon},
  title =        {Darknet: Open Source Neural Networks in C},
  howpublished = {http://pjreddie.com/darknet},
  year =         {2016}
}

@misc{Redmon2018,
  author =       {Joseph Redmon},
  title =        {YOLOv3: An Incremental Improvement},
  howpublished = {arXiv},
  year =         {2018}
}

@misc{Robertsen2020,
  author =       {Roy Robertsen},
  title =        {Sameksistens av marine næringer i kystsonen},
  howpublished = {\url{https://nofima.no/prosjekt/sameksistens}},
  year =         {2020}
}

@misc{Olsen2019,
  author =       {Jon Eirik Olsen},
  title =        {Ny oppmerksomhet rundt “pellets-fisken”},
  howpublished = {\url{https://fiskeribladet.no/nyheter/?artikkel=69867}},
  year =         {2019}
}

@misc{Tranamfl2019,
  author =       {Kjartan Trana, Dan Henrik Klausen, og Jon Bolstad},
  title =        {Denne torsken er full av fôr fra oppdrettsnæringa},
  howpublished = {\url{https://www.nrk.no/trondelag/fiskere-har-solgt-torsk-som-er-full-av-lakselusmiddel-_-vet-ikke-om-det-er-farlig-1.14742706}},
  year =         {2019}
}

@misc{Jakobsen2017,
  author =       {Amalie Nygård Jakobsen},
  title =        {Fikk torsk full av oppdrettsfôr: – Motbydelig fisk},
  howpublished = {\url{https://www.nrk.no/tromsogfinnmark/fikk-torsk-full-av-oppdrettsfor_-_-motbydelig-fisk-1.13662637}},
  year =         {2017}
}

@misc{Saether2017,
  author =       {Bjørn-Steinar Sæther},
  title =        {Effekter av oppdrett på vill marin fisk},
  howpublished = {\url{https://nofima.no/nyhet/2017/09/effekter-av-oppdrett-pa-vill-marin-fisk}},
  year =         {2017}
}

@misc{AngellogEkanger2017,
  author =       {Elise Angell, og Anders Ekanger},
  title =        {Fekk fisk med magen full av oppdrettsfôr},
  howpublished = {\url{https://www.nrk.no/vestland/fekk-fisk-med-magen-full-av-oppdrettsfor-1.13677856}},
  year =         {2017}
}

@misc{Olsenmfl2018,
  author =       {Ole-Christian Olsen, John Inge Johansen, og Benedikte Grov},
  title =        {Villfisk mettes av oppdrettsmat: – Jeg blir rett og slett forbanna},
  howpublished = {\url{https://www.nrk.no/nordland/villfisk-mettes-av-oppdrettsmat_-_-jeg-blir-rett-og-slett-forbanna-1.14003547}},
  year =         {2018}
}

@misc{Christensen2019,
  author =       {Tor Bjarne Christensen},
  title =        {Fôrer villfisk med lusegift og medisiner},
  howpublished = {\url{https://naturvernforbundet.no/naturogmiljo/forer-villfisk-med-lusegift-og-medisiner-article39320-1024.html}},
  year =         {2018}
}

@misc{nrk2018,
  author =       {Ian Goodfellow, Yoshua Bengio, og Aaron Courville},
  title =        {Laks med medisinrester har rømt fra Marine Harvest-anlegg},
  howpublished = {\url{https://www.nrk.no/trondelag/laks-har-romt-fra-marine-harvest-anlegg-i-naeroy-1.13902322}},
  year =         {2018}
}

@misc{Goodfellowmfl2016,
  author =       {Ian Goodfellow, Yoshua Bengio, og Aaron Courville},
  title =        {Deep Learning},
  howpublished = {\url{www.deeplearningbook.org}},
  year =         {2016}
}

@misc{Nielsen2019,
  author =       {Michael Nielsen},
  title =        {Using neural nets to recognize handwritten digits},
  howpublished = {\url{http://neuralnetworksanddeeplearning.com/chap1.html}},
  year =         {2019}
}

@misc{OpenCVTeam2020,
  author =       {OpenCV Team},
  title =        {About OpenCV},
  howpublished = {\url{https://opencv.org/about}},
  year =         {2019}
}

@misc{TheApacheSoftwareFoundation2004,
  author =       {The Apache Software Foundation},
  title =        {Apache License, Version 2.0},
  howpublished = {\url{https://www.apache.org/licenses/LICENSE-2.0}},
  year =         {2004}
}

@misc{Baevre-Jensen2019,
  author =       {Maja Bævre-Jensen},
  title =        {Kostnadene for norsk lakseoppdrett fortsetter å øke også i 2019},
  howpublished = {\url{https://www.fhf.no/nyheter/nyhetsarkiv/kostnadene-for-norsk-lakseoppdrett-fortsetter-aa-oeke-ogsaa-i-2019}},
  year =         {2019}
}

@misc{HustadogSvalheim2020,
  author =       {Anette Hustad, og Ragnhild Svalheim},
  title =        {Hvem bryr seg om pelletssei?},
  howpublished = {\url{https://nofima.no/blogg/hvem-bryr-seg-om-pelletssei/}},
  year =         {2020}
}

@misc{Fenstad2019,
  author =       {Arne Fenstad},
  title =        {Nå kan maskinen skille mellom makrell og sild},
  howpublished = {\url{https://www.tu.no/artikler/na-kan-maskinen-skille-mellom-makrell-og-sild/464208?utm_source=newsletter-tudaily&utm_medium=email&utm_campaign=newsletter-2019-05-06}},
  year =         {2019}
}

@misc{Falstad2016,
  author =       {Svein Helge Falstad},
  title =        {Suksess med vaksinemaskin},
  howpublished = {\url{https://www.t-a.no/nyheter/2016/02/01/Suksess-med-vaksinemaskin-12104745.ece}},
  year =         {2016}
}

@misc{Spruill2011,
  author =       {Vikki Spruill},
  title =        {Environmental Impacts of Open-Ocean Aquaculture},
  howpublished = {\url{https://issuu.com/oceanconservancy/docs/oc_rfts_v11_single}},
  year =         {2011}
}

@misc{Bochkovskiy2020,
  author =       {Alexey Bochkovskiy},
  title =        {YOLOv4 (v3/v2)},
  howpublished = {\url{https://github.com/AlexeyAB/darknet}},
  year =         {2020}
}

@misc{Bochkovskiymfl2020,
  author =       {Alexey Bochkovskiy, Chien-Yao Wang, og Hong-Yuan Mark Liao},
  title =        {YOLOv4: Optimal Speed and Accuracy of Object Detection},
  howpublished = {\url{https://arxiv.org/abs/2004.10934}},
  year =         {2020}
}

@misc{2020Batanina,
  author =       {Liubov Batanina},
  title =        {Feature-request: State-of-art Yolo v4 Detector},
  howpublished = {\url{https://github.com/opencv/opencv/issues/17148}},
  year =         {2020}
}

@misc{wu2019detectron,
  author =       {Yuxin Wu and Alexander Kirillov and Francisco Massa and
                  Wan-Yen Lo and Ross Girshick},
  title =        {Detectron2},
  howpublished = {\url{https://github.com/facebookresearch/detectron2}},
  year =         {2019}
}

@misc{labelme2016,
  author =       {Kentaro Wada},
  title =        {labelme: Image Polygonal Annotation with Python},
  howpublished = {\url{https://github.com/wkentaro/labelme}},
  year =         {2016}
}

@misc{Mallickmfl2020,
  author =       {Satya Mallick, Vikas Gupta, Anastasia Murzova, Anna Petrovicheva, Grigory Serebryakov, Pavel Semkin, Prakash Chandra, Sergei Belousov, Tatiana Khanova, og Valeriia Koriukina},
  title =        {Deep Learning with PyTorch},
  howpublished = {\url{https://courses.opencv.org}},
  year =         {2020}
}

%https://gilberttanner.com/blog/detectron2-train-a-instance-segmentation-model

@misc{cuda,
  author =       {Ian Buck},
  title =        {Stream Computing on Graphics Hardware},
  howpublished = {\url{http://graphics.stanford.edu/~ianbuck/thesis.pdf}},
  year =         {2006}
}

%\end{thebibliography}